<record><leader>00000cas a22000007a 4500</leader><controlfield tag="001">11248403</controlfield><controlfield tag="008">841010d18742000wiuwr n       0   a0eng d</controlfield><datafield ind1=" " ind2=" " tag="010"><subfield code="a">sn 84002287 </subfield></datafield><datafield ind1=" " ind2=" " tag="040"><subfield code="a">NSD</subfield><subfield code="b">eng</subfield><subfield code="c">NSD</subfield><subfield code="d">NPV</subfield><subfield code="d">MGN</subfield><subfield code="d">OCLCQ</subfield><subfield code="d">DLC</subfield></datafield><datafield ind1=" " ind2=" " tag="012"><subfield code="l">1</subfield><subfield code="m">d</subfield></datafield><datafield ind1="1" ind2=" " tag="022"><subfield code="a">8755-0539</subfield><subfield code="l">8755-0539</subfield><subfield code="2">1</subfield></datafield><datafield ind1="1" ind2=" " tag="029"><subfield code="a">AU@</subfield><subfield code="b">000025839402</subfield></datafield><datafield ind1=" " ind2=" " tag="037"><subfield code="b">COE Printers and Publishers, Maine St., Palmyra WI 53156</subfield></datafield><datafield ind1=" " ind2=" " tag="042"><subfield code="a">nsdp</subfield><subfield code="a">msc</subfield></datafield><datafield ind1=" " ind2=" " tag="045"><subfield code="a">w7--</subfield></datafield><datafield ind1=" " ind2=" " tag="052"><subfield code="a">4123</subfield><subfield code="b">J4</subfield></datafield><datafield ind1=" " ind2="0" tag="222"><subfield code="a">Palmyra enterprise</subfield></datafield><datafield ind1="0" ind2="0" tag="245"><subfield code="a">Palmyra enterprise.</subfield></datafield><datafield ind1="0" ind2="3" tag="246"><subfield code="a">Eagle quill</subfield></datafield><datafield ind1=" " ind2=" " tag="260"><subfield code="a">Palmyra, Jefferson County, Wis. :</subfield><subfield code="b">[O.P. Dow],</subfield><subfield code="c">1874-</subfield></datafield><datafield ind1=" " ind2=" " tag="300"><subfield code="a">v. :</subfield><subfield code="b">ill.</subfield></datafield><datafield ind1=" " ind2=" " tag="310"><subfield code="a">Weekly</subfield></datafield><datafield ind1="0" ind2=" " tag="362"><subfield code="a">Vol. 1, no. 1 (March 25, 1874)-</subfield></datafield><datafield ind1="1" ind2=" " tag="362"><subfield code="a">Ceased in 2000?</subfield></datafield><datafield ind1=" " ind2=" " tag="500"><subfield code="a">Added masthead: Eagle quill, Sept. 14, 1961-</subfield></datafield><datafield ind1=" " ind2=" " tag="500"><subfield code="a">Publisher varies.</subfield></datafield><datafield ind1=" " ind2=" " tag="500"><subfield code="a">Editors: O.P. Dow, March 25, 1874-April 12, 1893; G.H. Lawton, Oct. 5, 1893-Sept. 27, 1894; A. Rood, Oct. 4, 1894-Oct. 8, 1903; L. Dow, Oct. 15, 1903-Sept. 26, 1929; G. Ehrlich, Oct. 3, 1929-March 26, 1931; K. Elwood, Oct. 20, 1933-Aug. 27, 1942; J.H. La Chance, Sept. 3, 1942-Aug. 30, 1951; C.B. Coe, Sept. 6, 1951-Oct. 7, 1965; J. Madsen, Oct. 14, 1965-Aug. 28, 1969; J. Hanna, Sept. 4, 1969-May 25, 1972; C.B. Coe, June 8, 1972-Oct. 14, 1976; C.T. Coe, Oct. 21, 1976-</subfield></datafield><datafield ind1=" " ind2=" " tag="515"><subfield code="a">Numbering irregular.</subfield></datafield><datafield ind1=" " ind2=" " tag="752"><subfield code="a">United States</subfield><subfield code="b">Wisconsin</subfield><subfield code="c">Jefferson</subfield><subfield code="d">Palymra.</subfield></datafield><datafield ind1="0" ind2="0" tag="785"><subfield code="t">Enterprise (Palmyra, Wis.)</subfield><subfield code="x">2163-9876</subfield><subfield code="w">(DLC)  2011202401</subfield><subfield code="w">(OCoLC)48592323</subfield></datafield></record>